% Bibliographie-Datei für Target Value Design Masterarbeit
% Hier kommen später die Literaturquellen rein

@article{beispiel2025,
    title={Beispiel-Artikel},
    author={Mustermann, Max},
    year={2025},
    journal={Beispiel Journal}
}