
@book{ohno_toyota-produktionssystem_2013,
	title = {Das {Toyota}-{Produktionssystem}},
	isbn = {978-3-593-42375-3},
	url = {https://content-select.com/de/portal/media/view/530a0e37-5454-4897-b4a3-6e702efc1343},
	language = {de},
	urldate = {2025-08-17},
	author = {Ohno, Taiichi},
	month = may,
	year = {2013},
}

@book{fiedler_lean_2018,
	address = {Berlin, Heidelberg},
	title = {Lean {Construction} – {Das} {Managementhandbuch}: {Agile} {Methoden} und {Lean} {Management} im {Bauwesen}},
	copyright = {http://www.springer.com/tdm},
	isbn = {978-3-662-55336-7 978-3-662-55337-4},
	shorttitle = {Lean {Construction} – {Das} {Managementhandbuch}},
	url = {http://link.springer.com/10.1007/978-3-662-55337-4},
	language = {de},
	urldate = {2025-08-17},
	publisher = {Springer Berlin Heidelberg},
	editor = {Fiedler, Martin},
	year = {2018},
	doi = {10.1007/978-3-662-55337-4},
}

@book{seed_target_2015,
	address = {Arlington, VA},
	title = {Target {Value} {Delivery} - {Practitioner} {Guidebook} to {Implementation}},
	isbn = {978-0-578-16842-5},
	shorttitle = {Transforming design and construction},
	language = {en},
	publisher = {Lean Construction Institute},
	editor = {Seed, William R.},
	year = {2015},
	note = {OCLC: 961912818},
}

@article{haghsheno_german_nodate,
	title = {German {Lean} {Construction} {Institute} – {GLCI} e. {V}. c/o {KIT} {Institut} für {Technologie} und {Management} im {Baubetrieb} {Gotthard}-{Franz}-{Str}. 3 ({Am} {Fasanengarten}), {Geb}. 50.31 76131 {Karlsruhe} info@glci.de},
	language = {de},
	author = {Haghsheno, Dr Shervin and Wachter, Nadia},
}

@article{oliva_target_2024,
	title = {Target value design: guidelines for implementation in the real estate market in {Brazil}},
	volume = {20},
	issn = {1745-2007, 1752-7589},
	shorttitle = {Target value design},
	url = {https://www.tandfonline.com/doi/full/10.1080/17452007.2023.2281366},
	doi = {10.1080/17452007.2023.2281366},
	abstract = {In the current construction industry scenario, several constraints schedule, scope, cost - impact the quality of products delivered. From the clients’ and users’ perspectives, there is a need to incorporate innovative methods for value management in the sector. Delivering products with more added value often runs into investor restrictions and difficulties imposed by a fragmented product development process, representing obstacles to collaboration among stakeholders, especially in the real estate context. These characteristics demand a proactive design process focusesed on value delivery. One of them is Target Value Design (TVD), which has emerged as a viable solution to solve the poor performance in construction. Most TVD applications reported are cases where the owner sets the goals based on the available budget and desired functionalities. This research aims to develop a TVD model adapted for real estate projects, specifically for products with units for sale. In this context, one single company combines different roles, acting as developer and contractor and being responsible for sales to final users. The market, and not the owner, defines the target value and cost. The study was developed in Brazil, where this arrangement is very common, but can provide insights into other countries with similar characteristics. For this purpose, this research adopted the Design Science Research (DSR) strategy, which seeks to explain, describe, explore, or prescribe solutions for real-life problems. Focus Groups technique helped to develop and validate the artifact through learning cycles. As a result, the research proposes a TVD-adapted model and guidelines for implementation in the real estate market.},
	language = {en},
	number = {6},
	urldate = {2025-08-17},
	journal = {Architectural Engineering and Design Management},
	author = {Oliva, Carolina Asensio and Granja, Ariovaldo Denis and Picchi, Flávio Augusto},
	month = nov,
	year = {2024},
	pages = {1323--1334},
}

@article{desmarais_target_2024,
	title = {Target {Value} {Delivery}: {A} {Simulation}},
	issn = {15551369},
	shorttitle = {Target {Value} {Delivery}},
	url = {https://leanconstruction.org/lean-construction-journal/doi-info-2024sp-41-81/},
	doi = {10.60164/ehgzibhh2},
	abstract = {Question: How can a facilitator teach the fundamental principles of Target Value Delivery (TVD) using a simulation emphasizing the importance of integrating contextual information from project partners along the value chain to establish target costs, select design solutions, and improve the delivery of value for owners? Purpose: The purpose of this paper is to provide practitioners and academics with a simulation to help illustrate the difference between traditional siloed project delivery and an integrated approach using Target Value Delivery principles during the design phase of construction projects. The simulation was developed in response to industry practitioners who expressed the need to demonstrate the value of engaging contractors early in the delivery process and to illustrate the value they bring to the Target Value Delivery (TVD) process.},
	language = {en},
	urldate = {2025-08-17},
	journal = {Lean Construction Journal},
	author = {Desmarais, Dominic and Alves, Thais Da C. L.},
	month = nov,
	year = {2024},
	pages = {41--81},
}

@article{silveira_target_2018,
	title = {Target {Value} {Design} {Inspired} {Practices} to {Deliver} {Sustainable} {Buildings}},
	volume = {8},
	copyright = {https://creativecommons.org/licenses/by/4.0/},
	issn = {2075-5309},
	url = {https://www.mdpi.com/2075-5309/8/9/116},
	doi = {10.3390/buildings8090116},
	abstract = {The design of environmentally-friendly buildings relies on the work of interdisciplinary teams who have to look at problems in a holistic way. Teams need to communicate, collaborate, and make decisions not solely based on ﬁrst cost considerations. For this purpose, Target Value Design (TVD) related practices are being used to deliver green buildings in Southern California while meeting strict code requirements and addressing the needs of multiple stakeholders in a collaborative fashion. This study did not quantify costs associated with design and construction of sustainable buildings. It used an analytical process that compared and contrasted available literature on TVD and interviews with industry practitioners to investigate the use of TVD-inspired practices in the construction industry in Southern California and identify the current use of TVD-inspired practices in the design of green buildings. The study revealed that, even though practitioners might not be aware of how TVD can be fully implemented in these projects, a number of TVD-inspired practices are currently being used. Examples are provided to illustrate their practical use in the design of sustainable buildings and how practice compares to theory regarding TVD implementation.},
	language = {en},
	number = {9},
	urldate = {2025-08-17},
	journal = {Buildings},
	author = {Silveira, Samia S. and Alves, Thais Da C. L.},
	month = aug,
	year = {2018},
	pages = {116},
}

@article{unkn_unknown_department_2025,
	title = {Department for {Construction} {Economics} and {Construction} {Management}, {Technische} {Universität} {Berlin}, {July} 2 to 4, {2025Tagungsband} 34. {BBB} {Assistent}*innen-{Tagung} 2025 {Berlin}: {Fachgebiet} {Bauwirtschaft} und {Baubetrieb}, {Technische} {Universität} {Berlin}, 2. bis 4. {Juli} 2025},
	copyright = {Creative Commons Attribution 4.0 International},
	shorttitle = {Department for {Construction} {Economics} and {Construction} {Management}, {Technische} {Universität} {Berlin}, {July} 2 to 4, {2025Tagungsband} 34. {BBB} {Assistent}*innen-{Tagung} 2025 {Berlin}},
	url = {https://depositonce.tu-berlin.de/handle/11303/25176},
	doi = {10.14279/DEPOSITONCE-23997},
	abstract = {Die Bedeutung des ‚Baus‘ kann auf verschiedene Weise herausgestellt werden. Sei es der Anteil der nominalen Bauinvestitionen am Bruttoinlandsprodukt Deutschlands von rd. 10\%, der Anteil der Branche an Treibhausgasemissionen, der je nach Betrachtungsweise zwischen 30\% und 50\% liegt, oder aber die Versorgung der Gesellschaft mit Infrastruktur. Es wird deutlich, wie wichtig Forschung und Entwicklung im Bauwesen für die Gesellschaft ist. Noch deutlicher wird der Bedarf, wenn man die konstante oder leicht sinkende Arbeitsproduktivität im Baugewerbe registriert, während in anderen Branchen Innovationssprünge und Effizienzsteigerungen teilweise zu beträchtlichen Steigerungen der Arbeitsproduktivität führen. Auch eine immer noch schleppende Digitalisierung im Planen und Bauen oder eine häufig von Kostenüberschreitungen, Verzögerungen und Konflikten gehemmte Projektabwicklung sind Bereiche, in denen die Baubranche hinter anderen Branchen zurückbleibt. Um diesen Entwicklungen entgegen zu wirken, wird an den Lehrstühlen der über 40 Professor*innen des BBB-Netzwerks in der DACH-Region geforscht. Wie vielfältig die Themenbereiche des Bauens und die damit verbundene Forschung sein können, lässt sich durch einen Blick auf das Inhaltsverzeichnis des Tagungsbandes nur erahnen. Sie reichen von der Lehre, über die Digitalisierung und Simulation von Prozessen, der robotergestützten Fertigung bis hin zur Anwendung von KI-Methoden im Bauwesen. Die Ergebnisse und Zwischenstände der wissenschaftlichen Auseinandersetzung mit den unterschiedlichen Themenbereichen werden u.a. jährlich im Rahmen der BBB Assistent*innen-Tagung vorgestellt und diskutiert. Vom 02. bis 04.07.2025 fand die 34. BBB Assistent*innen-Tagung an der Technischen Universität Berlin statt. Gastgeber war das Fachgebiet Bauwirtschaft und Baubetrieb mit Unterstützung des InnovationsZentrums Bau e.V.. Ziel der Tagung ist es, Doktorand*innen und wissenschaftlichen Mitarbeiter*innen der Fachbereiche Baubetrieb, Bauwirtschaft und Baumanagement einen Rahmen für Austausch und Vernetzung zu geben. Neben dem wissenschaftlichen Diskurs, bietet die BBB Assistent*innen-Tagung die Möglichkeit, die gastgebende Hochschule, deren Lehrbetrieb und die dort aktuellen Forschungsprojekte kennenzulernen. Dieses Format kann somit eine Ausgangsbasis für die Initiierung von hochschulübergreifenden Kooperationen sein und bietet Inspiration und Anknüpfungspunkte für neue Forschungsfragen im Bauwesen.},
	language = {de},
	urldate = {2025-08-17},
	author = {{(:unkn) unknown}},
	editor = {Ehrlich, Felix and Sommerfeld, Sören and Heinrich, Sophie and Peter, Sascha and Schäfer, Jonathan and Flüthmann, David and Sundermeier, Matthias},
	collaborator = {{Technische Universität Berlin}},
	month = jul,
	year = {2025},
	note = {Publisher: Technische Universität Berlin},
	keywords = {000 Informatik, Informationswissenschaft, allgemeine Werke::000 Informatik, Wissen, Systeme::000 Informatik, Informationswissenschaft, allgemeine Werke, 300 Sozialwissenschaften::330 Wirtschaft::330 Wirtschaft, 300 Sozialwissenschaften::340 Recht::340 Recht, 300 Sozialwissenschaften::350 Öffentliche Verwaltung, Militärwissenschaft::351 Öffentliche Verwaltung, 300 Sozialwissenschaften::350 Öffentliche Verwaltung, Militärwissenschaft::354 Verwaltung von Wirtschaft und Umwelt, 600 Technik, Medizin, angewandte Wissenschaften::620 Ingenieurwissenschaften::620 Ingenieurwissenschaften und zugeordnete Tätigkeiten, 600 Technik, Medizin, angewandte Wissenschaften::620 Ingenieurwissenschaften::622 Bergbau und verwandte Tätigkeiten, 600 Technik, Medizin, angewandte Wissenschaften::620 Ingenieurwissenschaften::624 Ingenieurbau, 600 Technik, Medizin, angewandte Wissenschaften::620 Ingenieurwissenschaften::625 Eisenbahn- und Straßenbau, 600 Technik, Medizin, angewandte Wissenschaften::690 Hausbau, Bauhandwerk::690 Hausbau, Bauhandwerk, 700 Künste und Unterhaltung::720 Architektur::720 Architektur, Automatisierung, Baubetrieb, Bauprojektmangement, Baurobotik, Baustellenlogistik, Bauwerkserhaltung, Bauwirtschaft, Brückenbau, Digitalisierung, IOT, IPA, IPD, Künstliche Intelligenz, Materialfluss, Nachhaltigkeit, Planfeststellungsverfahren, Vergütungsmodell, digitaler Zwilling, mechanised tunnelling},
}

@inproceedings{noauthor_lean_2016,
	title = {Lean {Management} in construction processes.  {Case} study on column concreting.},
	language = {en},
	booktitle = {4th {Annual} {International} {Conference} on {Architecture} and {Civil} {Engineering} ({ACE} 2016)},
	publisher = {Global Science \& Technology Forum ( GSTF )},
	month = apr,
	year = {2016},
}

@book{testkey,
	title = {Target {Value} {Delivery} in {Building} {Projects}},
	isbn = {1-0364-0575-3},
	publisher = {Cambridge Scholars Publishing},
	author = {Ballard, Glenn and Morris, Peter},
	year = {2025},
	keywords = {yet to read},
}

@article{zimina_target_2012,
	title = {Target value design: using collaboration and a lean approach to reduce construction cost},
	volume = {30},
	issn = {0144-6193, 1466-433X},
	shorttitle = {Target value design},
	url = {http://www.tandfonline.com/doi/abs/10.1080/01446193.2012.676658},
	doi = {10.1080/01446193.2012.676658},
	abstract = {Target costing is an effective management technique that has been used in manufacturing for decades to achieve cost predictability during new product development. Adoption of this technique promises beneﬁts for the construction industry as it struggles to raise the number of successful outcomes and certainty of project delivery in terms of cost, quality and time. Target value design is a management approach that takes the best features of target costing and adapts them to the peculiarities of construction. The concept of target value design is introduced based on the results of action research carried out on 12 construction projects in the USA. It has been shown that systemic application of target value design leads to signiﬁcant improvement of project performance——the ﬁnal cost of projects was on average 15\% less than market cost. The construction industry already has approaches that have similarities with elements of the target value design process or use the same terminology, e.g. partnering and target cost contracts, cost planning, etc. Following an exploration of the similarities and differences target value design is positioned as a form of target costing for construction that offers a more reliable route to successful project outcomes.},
	language = {en},
	number = {5},
	urldate = {2025-05-27},
	journal = {Construction Management and Economics},
	author = {Zimina, Daria and Ballard, Glenn and Pasquire, Christine},
	month = may,
	year = {2012},
	pages = {383--398},
}

@article{olender_target_2023,
	title = {Target {Sustainability} {Design} - {Anwendung} von {Nachhaltigkeit} auf die {Target} {Value} {Design} {Methode}},
	url = {https://phase0.pubpub.org/pub/1-2-2de},
	doi = {10.21428/71cd88bc.d2f0ccfc},
	abstract = {Knappe Investitionsbudgets und hohe ökologische Anforderungen führen zu klassischen Zielkonflikten in Projekten. Insbesondere bei der Anwendung des Target Value Designs (TVD) liegt der Fokus stark auf der Einhaltung der Kosten. Dementsprechend haben ökologische Ziele, wenn sie als Ergänzung zu Funktionalität und Qualität betrachtet werden, kaum eine Chance, erreicht zu werden. Auch eine kurzzyklische Berücksichtigung von Ökobilanzfaktoren oder Energieeffizienz in frühen Planungsphasen kann den Zielkonflikt zwischen ökonomischen und ökologischen Zielen nicht lösen. So bleibt unklar, wie entschieden werden soll, wenn ökologische und ökonomische Ziele unvereinbar erscheinen. Ebenso ist ungeklärt, wie soziale Faktoren in die TVD einbezogen werden können. Um diese Probleme zu lösen, wurde das Target Sustainability Design (TSD) entwickelt. Dazu wurde das TVD in seine Komponenten zerlegt und mit den Faktoren der starken Nachhaltigkeit so kombiniert, dass ökologische und soziale Nachhaltigkeitsziele integraler Bestandteil der TSD-Methode werden. Die Ziele aller drei Dimensionen der Nachhaltigkeit können bei der Anwendung der TSD-Methode nicht gegeneinander ausgespielt, sondern nur gemeinsam erreicht werden. In diesem Beitrag wird die Zusammensetzung der TSD-Methode vorgestellt und ihre Wirkungsweise anhand eines Fallbeispiels illustriert.},
	language = {de},
	urldate = {2025-05-27},
	journal = {Phase0 - Journal für integriertes Planen, Bauen und Betreiben},
	author = {Olender, Margarete and Rosen, Anja},
	collaborator = {Martínez, Eder},
	month = jun,
	year = {2023},
}

@article{tommelein_target_nodate,
	title = {{TARGET} {VALUE} {DESIGN} {Introduction}, {Framework}, and {Current} {Benchmark}},
	language = {en},
	author = {Tommelein, Iris and Ballard, Glenn},
}

@article{becker_gemeinsames_nodate,
	title = {Gemeinsames {Risikomanagement} bei {Großprojekten} mit der {Integrierten} {Projektabwicklung} ({IPA})},
	language = {de},
	author = {Becker, Simon Christian},
}

@book{sommer_projektmanagement_2016,
	address = {Berlin, Heidelberg},
	title = {Projektmanagement im {Hochbau}},
	copyright = {http://www.springer.com/tdm},
	isbn = {978-3-662-48923-9 978-3-662-48924-6},
	url = {http://link.springer.com/10.1007/978-3-662-48924-6},
	language = {de},
	urldate = {2025-05-27},
	publisher = {Springer Berlin Heidelberg},
	author = {Sommer, Hans},
	year = {2016},
	doi = {10.1007/978-3-662-48924-6},
}

@book{preus_projektmanagement_2013,
	address = {Berlin, Heidelberg},
	title = {Projektmanagement von {Immobilienprojekten}: {Entscheidungsorientierte} {Methoden} für {Organisation}, {Termine}, {Kosten} und {Qualität}},
	copyright = {https://www.springernature.com/gp/researchers/text-and-data-mining},
	isbn = {978-3-642-36019-0 978-3-642-36020-6},
	shorttitle = {Projektmanagement von {Immobilienprojekten}},
	url = {https://link.springer.com/10.1007/978-3-642-36020-6},
	language = {de},
	urldate = {2025-05-27},
	publisher = {Springer Berlin Heidelberg},
	author = {Preuß, Norbert},
	year = {2013},
	doi = {10.1007/978-3-642-36020-6},
}

@book{alda_projektentwicklung_2014,
	address = {Wiesbaden},
	series = {Leitfaden des {Baubetriebs} und der {Bauwirtschaft}},
	title = {Projektentwicklung in der {Immobilienwirtschaft}: {Grundlagen} für die {Praxis}},
	copyright = {https://www.springernature.com/gp/researchers/text-and-data-mining},
	isbn = {978-3-658-02018-7 978-3-658-02019-4},
	shorttitle = {Projektentwicklung in der {Immobilienwirtschaft}},
	url = {https://link.springer.com/10.1007/978-3-658-02019-4},
	language = {de},
	urldate = {2025-05-27},
	publisher = {Springer Fachmedien Wiesbaden},
	author = {Alda, Willi and Hirschner, Joachim},
	year = {2014},
	doi = {10.1007/978-3-658-02019-4},
}

@book{girmscheid_projektabwicklung_2016,
	address = {Berlin, Heidelberg},
	title = {Projektabwicklung in der {Bauwirtschaft} – prozessorientiert: {Wege} zur {Win}-{Win}-{Situation} für {Auftraggeber} und {Auftragnehmer}},
	copyright = {http://www.springer.com/tdm},
	isbn = {978-3-662-49329-8 978-3-662-49330-4},
	shorttitle = {Projektabwicklung in der {Bauwirtschaft} – prozessorientiert},
	url = {http://link.springer.com/10.1007/978-3-662-49330-4},
	language = {de},
	urldate = {2025-05-27},
	publisher = {Springer Berlin Heidelberg},
	author = {Girmscheid, Gerhard},
	year = {2016},
	doi = {10.1007/978-3-662-49330-4},
}

@book{hofstadler_produktivitat_2014,
	address = {Berlin, Heidelberg},
	title = {Produktivität im {Baubetrieb}: {Bauablaufstörungen} und {Produktivitätsverluste}},
	copyright = {https://www.springernature.com/gp/researchers/text-and-data-mining},
	isbn = {978-3-642-41632-3 978-3-642-41633-0},
	shorttitle = {Produktivität im {Baubetrieb}},
	url = {https://link.springer.com/10.1007/978-3-642-41633-0},
	language = {de},
	urldate = {2025-05-27},
	publisher = {Springer Berlin Heidelberg},
	author = {Hofstadler, Christian},
	year = {2014},
	doi = {10.1007/978-3-642-41633-0},
}

@misc{mossman_lean_2013,
	title = {Lean {Project} {Delivery} — innovation in integrated design \&amp; delivery},
	url = {http://rgdoi.net/10.13140/2.1.2713.2804},
	doi = {10.13140/2.1.2713.2804},
	abstract = {Purpose: To review the state-of-the-art of Lean Project Delivery (LPD), to show the relationship between LPD and integrated design and delivery and to propose further stages of development, research and practice. Method: Description and analysis of action research \& learning in current practice. Findings: In the context of Lean Project Delivery with Target Value Design (TVD) projects are completed below market cost—so far as much as 19\% below and expected cost falls as design and construction progresses. Limitations: this work is based on a limited number of linked cases in the US over the last 10 years. We suggest the ideas are applicable far more widely. Implications: there is still more development and research required to develop effective leadership models for integrated design and delivery, create wholeoflife Target Value Design, to create significant bodies of evidence to guide the design of many building types and to further develop the Lean Project Delivery System. Value for practitioners: initial indications are that the methods described work together to deliver significant benefits for owners/clients/end-users and create a more satisfying experience for most designers and constructors.},
	language = {en},
	urldate = {2025-05-27},
	publisher = {Unpublished},
	author = {Mossman, Alan and Ballard, Glenn and Pasquire, Christine},
	year = {2013},
}

@article{miron_target_nodate,
	title = {{TARGET} {VALUE} {DESIGN}: {THE} {CHALLENGE} {OF} {VALUE} {GENERATION}},
	abstract = {Target Value Design (TVD) is a management approach that aims to maximize value in the framework of a pre-established cost target. TVD views AEC (Architecture, Engineering and Construction) as a complex system and transforms the current design practice upside down. In spite of the existing studies, applying TVD in the context of AEC still represents a major challenge. Creating a structure that enables and measures value generation to the client is part of this challenge.},
	language = {en},
	author = {Miron, Luciana I Gomes and Kaushik, Amit and Koskela, Lauri},
}

@book{tzortzopoulos_lean_2020,
	address = {London New York},
	title = {Lean construction: core concepts and new frontiers},
	isbn = {978-0-367-19655-4 978-0-429-51215-5 978-0-429-51558-3 978-0-429-51901-7 978-0-429-20373-2},
	shorttitle = {Lean construction},
	abstract = {{\textless}B{\textgreater}{\textless}P{\textgreater}PART 1{\textless}/B{\textgreater}{\textless}/P{\textgreater}{\textless}B{\textgreater}{\textless}P{\textgreater}Lean Construction Themes{\textless}/B{\textgreater}{\textless}/P{\textgreater}{\textless}P{\textgreater}{\textless}/P{\textgreater}{\textless}P{\textgreater}1{\textless}/P{\textgreater}{\textless}P{\textgreater}Theory of Lean Construction{\textless}/P{\textgreater}{\textless}P{\textgreater}Lauri Koskela{\textless}/P{\textgreater}{\textless}P{\textgreater}2{\textless}/P{\textgreater}{\textless}P{\textgreater}Lean Product Development and Design Management{\textless}/P{\textgreater}{\textless}P{\textgreater}Patricia Tzortzopoulos, Cynthia Hentschke and Mike Kagioglou {\textless}/P{\textgreater}{\textless}P{\textgreater}3{\textless}/P{\textgreater}{\textless}P{\textgreater}The Last Planner System{\textless}/P{\textgreater}{\textless}P{\textgreater}Glenn Ballard{\textless}/P{\textgreater}{\textless}P{\textgreater}4{\textless}/P{\textgreater}{\textless}P{\textgreater}Production Control Systems for Construction at the Nexus of Lean and BIM{\textless}/P{\textgreater}{\textless}P{\textgreater}Bhargav Dave and Rafael Sacks{\textless}/P{\textgreater}{\textless}P{\textgreater}5{\textless}/P{\textgreater}{\textless}P{\textgreater}People and Knowledge: Lean Organisation{\textless}/P{\textgreater}{\textless}P{\textgreater}John Rooke{\textless}/P{\textgreater}{\textless}P{\textgreater}6{\textless}/P{\textgreater}{\textless}P{\textgreater}Value Generation: Bringing the Customer into Perspective{\textless}/P{\textgreater}{\textless}P{\textgreater}Patricia Tillmann and Luciana Miron{\textless}/P{\textgreater}{\textless}P{\textgreater}7{\textless}/P{\textgreater}{\textless}P{\textgreater}Understanding Waste in Construction {\textless}/P{\textgreater}{\textless}P{\textgreater}Carlos T. Formoso, Trond Bølviken and Daniela Dietz Viana{\textless}/P{\textgreater}{\textless}B{\textgreater}{\textless}P{\textgreater}PART 2{\textless}/B{\textgreater}{\textless}/P{\textgreater}{\textless}B{\textgreater}{\textless}P{\textgreater}Lean Construction approaches{\textless}/B{\textgreater}{\textless}/P{\textgreater}{\textless}P{\textgreater}{\textless}/P{\textgreater}{\textless}P{\textgreater}8{\textless}/P{\textgreater}{\textless}P{\textgreater}Target Value Delivery{\textless}/P{\textgreater}{\textless}P{\textgreater}Glenn Ballard{\textless}/P{\textgreater}{\textless}P{\textgreater}9{\textless}/P{\textgreater}{\textless}P{\textgreater}Integrated Project Delivery -- Basic Tenets and Recommendations{\textless}/P{\textgreater}{\textless}P{\textgreater}Thais da C. L. Alves and William Lichtig{\textless}/P{\textgreater}{\textless}P{\textgreater}10{\textless}/P{\textgreater}{\textless}P{\textgreater}Choosing By Advantages and Collaborative Decision Making{\textless}/P{\textgreater}{\textless}P{\textgreater}Paz Arroyo{\textless}/P{\textgreater}{\textless}P{\textgreater}11{\textless}/P{\textgreater}{\textless}P{\textgreater}Lean Construction: A Management Model for Interdependencies in Detailed Design{\textless}/P{\textgreater}{\textless}P{\textgreater}Bo Terje Kalsaas{\textless}/P{\textgreater}{\textless}P{\textgreater}12{\textless}/P{\textgreater}{\textless}P{\textgreater}Lean as an Appropriate Approach for Managing Production in Refurbishment Projects{\textless}/P{\textgreater}{\textless}P{\textgreater}Sergio Kemmer and Lauri Koskela{\textless}/P{\textgreater}{\textless}P{\textgreater}13{\textless}/P{\textgreater}{\textless}P{\textgreater}Extended Roles of Construction Supply Chain Management for Improved Logistics and Environmental Performance{\textless}/P{\textgreater}{\textless}P{\textgreater}Ruben Vrijhoef{\textless}/P{\textgreater}{\textless}P{\textgreater}14{\textless}/P{\textgreater}{\textless}P{\textgreater}Location-Based Management System now and in the Future{\textless}/P{\textgreater}{\textless}P{\textgreater}Olli Seppänen{\textless}/P{\textgreater}{\textless}P{\textgreater}15{\textless}/P{\textgreater}{\textless}P{\textgreater}Relating Construction Production Design and Planning Activities with Location-based Scheduling Techniques{\textless}/P{\textgreater}{\textless}P{\textgreater}Clarissa Biotto and Mike Kagioglou{\textless}/P{\textgreater}{\textless}P{\textgreater}16{\textless}/P{\textgreater}{\textless}P{\textgreater}The Last Planner System as an Approach for Coping with the Complexity of Construction Projects{\textless}/P{\textgreater}{\textless}P{\textgreater}Tarcisio Abreu Saurin and John Rooke{\textless}/P{\textgreater}{\textless}P{\textgreater}17{\textless}/P{\textgreater}{\textless}P{\textgreater}Framework to Manage Project Structural Complexity: Representation of the Lean Project Delivery System using a Multi-Domain Matrix{\textless}/P{\textgreater}{\textless}P{\textgreater}Audrey Bascoul, Iris D. Tommelein and Stanislaus Tuholski{\textless}/P{\textgreater}{\textless}P{\textgreater}18{\textless}/P{\textgreater}{\textless}P{\textgreater}Uncertainty Management -- A Development Area for Lean Construction{\textless}/P{\textgreater}{\textless}P{\textgreater}Ole Jonny Klakegg, Olav Torp, Bo Terje Kalsaas, Trond Bølviken and Gøril Hannås{\textless}/P{\textgreater}{\textless}P{\textgreater}19{\textless}/P{\textgreater}{\textless}P{\textgreater}The Evolution of Lean Construction Education at US-Based Universities{\textless}/P{\textgreater}{\textless}P{\textgreater}Zofia K. Rybkowski, Lincoln H. Forbes and Cynthia C.Y. Tsao{\textless}/P{\textgreater}{\textless}P{\textgreater}20{\textless}/P{\textgreater}{\textless}P{\textgreater}Challenges and opportunities for early project collaboration{\textless}/P{\textgreater}{\textless}P{\textgreater}Danilo Gomes and Patricia Tzortzopoulos {\textless}/P{\textgreater}},
	language = {en},
	publisher = {Routledge},
	editor = {Tzortzopoulos, Patricia and Kagioglou, Mike and Koskela, Lauri},
	year = {2020},
	doi = {10.1201/9780429203732},
}

@article{kim_identification_2021,
	title = {Identification and {Evaluation} of the {Influencing} {Factors} in {Target} {Value} {Design} {Process} through an {Industry} {Survey}},
	volume = {10},
	copyright = {https://creativecommons.org/licenses/by/4.0},
	issn = {2051-7777},
	url = {https://www.jceclink.com/web/index.php/jcec/article/view/101},
	doi = {10.32732/jcec.2021.10.2.75},
	abstract = {Target value design is a new practice in the construction industry promoting concurrent engineering and collaborative design. This paper shows the results of literature survey to identify the influencing factors in the target value design. The paper also presents the results of a questionnaire survey to explore the industry practitioners' perception of the relative importance of the influencing factors. Project stakeholders participating in the survey consider the integration of different project stakeholders in the design phase as critical. The project definition is also regarded as essential in implementing the target value design. However, the market conditions and project attributes are considered as least significant in the target value design process.},
	language = {en},
	number = {2},
	urldate = {2025-05-27},
	journal = {Journal of Civil Engineering and Construction},
	author = {Kim, Yong-Woo and Alseadi, Israa},
	month = may,
	year = {2021},
	pages = {75--83},
}

@book{jacob_kalkulieren_2011,
	address = {Wiesbaden},
	edition = {2},
	series = {{SpringerLink} {Bücher}},
	title = {Kalkulieren im {Ingenieurbau}: {Strategie} – {Kalkulation} – {Controlling}},
	isbn = {978-3-8348-0935-3 978-3-8348-9859-3},
	shorttitle = {Kalkulieren im {Ingenieurbau}},
	abstract = {Die Autoren erklären in diesem Praxisbuch anschaulich die strategisch möglichen Ausrichtungen eines Unternehmens und deren Verknüpfung zur Kalkulation. Den Kern des Buches bildet die Kalkulation in den wichtigsten Bausparten (u. a. Hochbau, Straßenbau, Brücken- und Tunnelbau). Besonderheiten der Kalkulation im Auslandsbau, bei Argen, bei der Risikobewertung sowie erweiterten Bauvertragsformen wie Funktionsbau- und GMP-Verträge und Lebenszykluskosten (z. B. bei PPP) runden die Darstellung ab. Typische Kalkulationssoftware wird ebenfalls erläutert. Nach erfolgreicher Auftragserteilung geht es dann um das projekt- und unternehmensbezogene Controlling},
	language = {de},
	publisher = {Vieweg+Teubner},
	author = {Jacob, Dieter and Stuhr, Constanze and Winter, Christoph},
	year = {2011},
	doi = {10.1007/978-3-8348-9859-3},
}

@book{girmscheid_kalkulation_2013,
	address = {Berlin, Heidelberg},
	title = {Kalkulation, {Preisbildung} und {Controlling} in der {Bauwirtschaft}: {Produktionsprozessorientierte} {Kostenberechnung} und {Kostensteuerung}},
	copyright = {https://www.springernature.com/gp/researchers/text-and-data-mining},
	isbn = {978-3-642-36636-9 978-3-642-36637-6},
	shorttitle = {Kalkulation, {Preisbildung} und {Controlling} in der {Bauwirtschaft}},
	url = {https://link.springer.com/10.1007/978-3-642-36637-6},
	language = {de},
	urldate = {2025-05-27},
	publisher = {Springer Berlin Heidelberg},
	author = {Girmscheid, Gerhard and Motzko, Christoph},
	year = {2013},
	doi = {10.1007/978-3-642-36637-6},
}

@article{department_of_project_and_construction_management_mehralborz_institute_of_higher_education_integrated_2017,
	title = {Integrated {Project} {Delivery} ({IPD}) {Research} {Trends}.},
	volume = {7},
	issn = {22216529, 22238379},
	url = {http://www.ppml.url.tw/EPPM_Journal/volumns/07_02_July_2017/05_ID_163_7_2_99_114.htm},
	doi = {10.32738/JEPPM.201707.0006},
	abstract = {Integrated Project Delivery (IPD) is introduced as a vibrant approach to enhance project implementation, having particular position in recent studies among construction researchers. This study analyzes the research trends on the field of IPD to provide an appropriate vision for future researchers in this specialized field. While so far no comprehensive research has been done in this field, this study provides a comprehensive review of existing studies through in-depth literature review method. This research evaluates studies conducted in the field of IPD, which is a basis for future researchers to improve conditions of IPD implementation in different countries. For that this study Using library studies, the trend of researches conducted on various concepts and domains during various years, has been investigated. Future studies can simply use the outputs of this research to shape their research flow on establishing continuing progress of IPD. The data obtained from descriptive analyses are illustrated quantitatively, followed by comprehensive analyses and discussion of the results. Moreover, this study concluded that during recent years, the trend of studies conducted about IPD has increased, particularly articles examined challenges. In the next step, more studies have been performed in the field of construction. Those articles are preferred that have evaluated principles, challenges, and solutions for resolving barriers. Proper IPD implementation facilitates enhanced share of information and early identification of stakeholders through a proper timing as vital keys to realize objectives of the construction projects, reduce risks, and increase the chance of project success.},
	language = {en},
	number = {2},
	urldate = {2025-05-27},
	journal = {Journal of Engineering, Project, and Production Management},
	author = {{Department of Project and Construction Management, Mehralborz Institute of Higher Education} and Kahvandi, Zahra and Saghatforoush, Ehsan and {Department of Project and Construction Management, Mehralborz Institute of Higher Education} and Alinezhad, Mahdi and {Department of Project and Construction Management, University of Tehran} and Noghli, Farimah and {Department of Project and Construction Management, Mehralborz Institute of Higher Education}},
	month = jul,
	year = {2017},
	pages = {99--114},
}

@book{plinke_industrielle_2015,
	address = {Berlin, Heidelberg},
	series = {Springer-{Lehrbuch}},
	title = {Industrielle {Kostenrechnung}: {Eine} {Einführung}},
	copyright = {https://www.springernature.com/gp/researchers/text-and-data-mining},
	isbn = {978-3-662-46853-1 978-3-662-46854-8},
	shorttitle = {Industrielle {Kostenrechnung}},
	url = {https://link.springer.com/10.1007/978-3-662-46854-8},
	language = {de},
	urldate = {2025-05-27},
	publisher = {Springer Berlin Heidelberg},
	author = {Plinke, Wulff and Rese, Mario and Utzig, B. Peter},
	year = {2015},
	doi = {10.1007/978-3-662-46854-8},
}

@book{viering_immobilien-_2015,
	address = {Wiesbaden},
	series = {Leitfaden des {Baubetriebs} und der {Bauwirtschaft}},
	title = {Immobilien- und {Bauwirtschaft} aktuell - {Entwicklungen} und {Tendenzen}: {Festschrift} für {Professor} {Bernd} {Kochendörfer}},
	copyright = {https://www.springernature.com/gp/researchers/text-and-data-mining},
	isbn = {978-3-658-08846-0 978-3-658-08847-7},
	shorttitle = {Immobilien- und {Bauwirtschaft} aktuell - {Entwicklungen} und {Tendenzen}},
	url = {https://link.springer.com/10.1007/978-3-658-08847-7},
	language = {de},
	urldate = {2025-05-27},
	publisher = {Springer Fachmedien Wiesbaden},
	editor = {Viering, Markus and Rodde, Nina and Zanner, Christian},
	year = {2015},
	doi = {10.1007/978-3-658-08847-7},
}

@book{hofstadler_agile_2023,
	address = {Wiesbaden},
	title = {Agile {Digitalisierung} im {Baubetrieb}: {Innovative} {Wege} zur {Transformation} und {Best} {Practices}},
	copyright = {https://www.springernature.com/gp/researchers/text-and-data-mining},
	isbn = {978-3-658-43246-1 978-3-658-43247-8},
	shorttitle = {Agile {Digitalisierung} im {Baubetrieb}},
	url = {https://link.springer.com/10.1007/978-3-658-43247-8},
	language = {de},
	urldate = {2025-05-27},
	publisher = {Springer Fachmedien Wiesbaden},
	editor = {Hofstadler, Christian and Motzko, Christoph},
	year = {2023},
	doi = {10.1007/978-3-658-43247-8},
}

@article{haghsheno_strukturierungsansatz_2022,
	title = {Strukturierungsansatz für das {Modell} der {Integrierten} {Projektabwicklung} ({IPA})/{Structuring} approach for {Integrated} {Project} {Delivery}},
	volume = {97},
	issn = {0005-6650},
	url = {https://elibrary.vdi-verlag.de/index.php?doi=10.37544/0005-6650-2022-03-47},
	doi = {10.37544/0005-6650-2022-03-47},
	abstract = {Im Bauwesen wird bereits seit langer Zeit nach Ansätzen gesucht, die Erreichung der Projektziele für Bauherren und Nutzer von Bauwerken zu verbessern und zugleich die Qualität der Zusammenarbeit und die Produktivität für die Projektbeteiligten zu steigern. Einer dieser Ansätze sind Modelle der Integrierten Projektabwicklung (IPA), die international seit Ende der 1990er-Jahre zum Einsatz kommen und seit 2018 auch in Deutschland im Rahmen von Pilotprojekten erprobt werden. Die Autoren verfolgen mit diesem Beitrag das Ziel aus ihrer wissenschaftlichen Befassung mit diesem Projektabwicklungsmodell und ihren Erfahrungen in der Praxis einen Strukturierungsansatz für IPA zu entwickeln. Dieser Ansatz soll einen Beitrag dazu leisten, ein besseres Verständnis für die Besonderheiten dieses Modells und dessen Funktionsweise zu erlangen. Zugleich kann dies Grundlage für die Entwicklung einer Taxonomie und für die Einordnung weiterer Forschungsarbeit sein. Der hier vorgeschlagene Strukturierungsansatz wird basierend auf einer umfassenden Literaturrecherche, bereits vorhandener Strukturierungsansätze und den Erfahrungen der Autoren aus dem Dialog mit Vertretern aus Wissenschaft und Praxis erarbeitet.
          , 
            In the construction industry, approaches have been sought for a long time to improve the achievement of project goals for clients and users of construction works and at the same time to increase the level of collaboration and productivity for those involved in the project. One of these approaches is Integrated Project Delivery (IPD), which has been used internationally since the late 1990s and has also been tested in pilot projects in Germany since 2018. In this paper, the authors pursue the goal of developing an approach to structure IPD. This is based on their scientific engagement with this project delivery model and their experiences in practice. The approach is intended to contribute to a better understanding of the specifics of this model and how it works. At the same time it can be the basis for developing a taxonomy and for classifying further research. The approach for the structure of IPD proposed here is developed based on a comprehensive literature review, existing approaches, and the authors‘ experience from dialog with representatives from academia and practice.},
	language = {de},
	number = {03},
	urldate = {2025-05-27},
	journal = {Bauingenieur},
	author = {Haghsheno, Shervin and Baier, Carolin and Budau, Maximilian Rolf-Dieter and Schilling Miguel, Ana and Talmon, Philipp and Frantz, Lena},
	year = {2022},
	pages = {63--76},
}

@book{berner_grundlagen_2015,
	address = {Wiesbaden},
	series = {Leitfaden des {Baubetriebs} und der {Bauwirtschaft}},
	title = {Grundlagen der {Baubetriebslehre} 3: {Baubetriebsführung}},
	copyright = {https://www.springernature.com/gp/researchers/text-and-data-mining},
	isbn = {978-3-658-09037-1 978-3-658-09038-8},
	shorttitle = {Grundlagen der {Baubetriebslehre} 3},
	url = {https://link.springer.com/10.1007/978-3-658-09038-8},
	language = {de},
	urldate = {2025-05-27},
	publisher = {Springer Fachmedien Wiesbaden},
	author = {Berner, Fritz and Kochendörfer, Bernd and Schach, Rainer},
	year = {2015},
	doi = {10.1007/978-3-658-09038-8},
}

@book{berner_grundlagen_2013,
	address = {Wiesbaden},
	series = {Leitfaden des {Baubetriebs} und der {Bauwirtschaft}},
	title = {Grundlagen der {Baubetriebslehre} 2: {Baubetriebsplanung}},
	copyright = {https://www.springernature.com/gp/researchers/text-and-data-mining},
	isbn = {978-3-658-03226-5 978-3-658-03227-2},
	shorttitle = {Grundlagen der {Baubetriebslehre} 2},
	url = {https://link.springer.com/10.1007/978-3-658-03227-2},
	language = {de},
	urldate = {2025-05-27},
	publisher = {Springer Fachmedien Wiesbaden},
	author = {Berner, Fritz and Kochendörfer, Bernd and Schach, Rainer},
	year = {2013},
	doi = {10.1007/978-3-658-03227-2},
}

@book{berner_grundlagen_2013-1,
	address = {Wiesbaden},
	series = {Leitfaden des {Baubetriebs} und der {Bauwirtschaft}},
	title = {Grundlagen der {Baubetriebslehre} 1: {Baubetriebswirtschaft}},
	copyright = {https://www.springernature.com/gp/researchers/text-and-data-mining},
	isbn = {978-3-8348-1363-3 978-3-8348-9904-0},
	shorttitle = {Grundlagen der {Baubetriebslehre} 1},
	url = {https://link.springer.com/10.1007/978-3-8348-9904-0},
	language = {de},
	urldate = {2025-05-27},
	publisher = {Springer Fachmedien Wiesbaden},
	author = {Berner, Fritz and Kochendörfer, Bernd and Schach, Rainer},
	year = {2013},
	doi = {10.1007/978-3-8348-9904-0},
}

@article{golzhauser_tagungsband_2024,
	title = {Tagungsband zum 33. {BBB}-{Assistent}:innentreffen {Aachen} 2024 : {Fachkongress} der wissenschaftlichen {Mitarbeiter}:innen in {Bauwirtschaft}, {Baubetrieb} und {Baumanagement}, {Beiträge} zum 33. {BBB}- {Assistent}:innentreffen vom 15. bis 17. {Juli} 2024 in {Aachen}; 1. {Auflage}},
	volume = {BBB-Tage 2024},
	shorttitle = {Tagungsband zum 33. {BBB}-{Assistent}},
	url = {https://publications.rwth-aachen.de/record/995117},
	doi = {10.18154/RWTH-2024-09723},
	language = {de},
	urldate = {2025-05-27},
	journal = {33. BBB-Assistent:innentreffen},
	author = {Gölzhäuser, Peter Jerome and Jäkel, Jan-Iwo and Klemt-Albert, Katharina},
	editor = {Gölzhäuser, Peter Jerome and Jäkel, Jan-Iwo and Klemt-Albert, Katharina},
	year = {2024},
	note = {Artwork Size: pages 497 Seiten : Illustrationen, Diagramme
Publisher: RWTH Aachen University},
	pages = {pages 497 Seiten : Illustrationen, Diagramme},
}

@article{ballard_target_nodate,
	title = {{TARGET} {VALUE} {DESIGN}},
	language = {en},
	author = {Ballard, G},
}

@article{gimenez_exploring_2022,
	title = {Exploring {Value} {Generation} in {Target} {Value} {Design} {Applying} a {Value} {Analysis} {Model}},
	volume = {12},
	copyright = {https://creativecommons.org/licenses/by/4.0/},
	issn = {2075-5309},
	url = {https://www.mdpi.com/2075-5309/12/7/922},
	doi = {10.3390/buildings12070922},
	abstract = {Target value design (TVD) is a management approach that applies target costing in the design and construction industry. TVD enables a project environment with favorable characteristics to generate value. However, because the TVD’s primary assessment is cost, target cost can be met without necessarily achieving the project’s full value. This research applies the action research approach to implement TVD in a housing project and explores the value generation of the project using a value analysis model (VAM) to study the balance between cost and value fulfillment in the product and design process. According to the results, even though the target cost was achieved, the desired value of the project was not achieved during the project design. However, there is a tendency to increase value over time to a greater extent in the product and not so much in the process. The main contributions of this study are the possibility of comparing cost and value, identifying the emphasis of product over process and cost over value throughout the TVD project. This study enhances the literature on project value generation and maximization, offering new knowledge for a better understanding of how to conduct a value analysis in combination with costing in TVD projects.},
	language = {en},
	number = {7},
	urldate = {2025-05-27},
	journal = {Buildings},
	author = {Giménez, Zulay and Mourgues, Claudio and Alarcón, Luis F. and Mesa, Harrison},
	month = jun,
	year = {2022},
	pages = {922},
}

@book{donarumo_lean_2019,
	address = {United States},
	title = {The lean builder: a builder's guide to applying lean tools in the field},
	isbn = {978-1-4834-3093-5},
	shorttitle = {The lean builder},
	language = {en},
	publisher = {Lulu Publishing Services},
	author = {Donarumo, Joe and Zandy, Keyan},
	year = {2019},
	note = {OCLC: 1120012164},
}

@article{budau_integrierte_nodate,
	title = {Integrierte {Projektabwicklung} mit {Mehrparteienverträgen} – {Untersuchungen} zur {Wirkung} der vertraglichen {Gestaltungsoptionen}},
	language = {de},
	author = {Budau, Maximilian Rolf-Dieter},
}

@article{becker_analyse_2023,
	title = {Analyse potenzieller {Vergütungsmodelle} und {Anreizsysteme} für die {Integrierte} {Projektabwicklung} ({IPA})},
	volume = {Universität Duisburg-Essen},
	copyright = {Creative Commons Attribution Non Commercial 4.0 International},
	url = {https://duepublico2.uni-due.de/receive/duepublico_mods_00079139},
	doi = {10.17185/DUEPUBLICO/79139},
	abstract = {Integrated Project Delivery (IPD) is currently being propagated in Germany as a project delivery model that leads complex projects to greater cost and schedule security and to a partnership-based approach between all parties. According to the IPA Center, the IPD has eight characteristics. One characteristic is the incentive system, which is further subdivided into: jointly confirmed target costs, joint risk sharing, reimbursement of costs actually incurred, payment of selected remuneration components, depending on the achievement of project goals and opportunities and risks that have occurred. The focus of this paper is on the compensation model and its incentive system. The aim of the paper is to identify other potential compensation models for IPD and to present their advantages and disadvantages. Contractual models for the IPA with a balanced distribution of risk prove to be the most suitable for this project delivery model. These include cost-reimbursement contracts, which offer different incentive systems such as a profit mark-up, target achievement bonus, and many more. Also special kinds of the Firm Fixed Price Contract.},
	language = {de},
	urldate = {2025-05-27},
	journal = {Tagungsband zum 32. BBB-Assistent:innentreffen 2023: 04.10.2023 - 06.10.2023},
	author = {Becker, Simon and Friedinger, Carl},
	collaborator = {DuEPublico: Duisburg-Essen Publications Online, University Of Duisburg-Essen},
	month = oct,
	year = {2023},
	note = {Publisher: DuEPublico: Duisburg-Essen Publications online, University of Duisburg-Essen, Germany},
	pages = {p. 159},
}

@book{becker_integrierte_2022,
	address = {Wiesbaden},
	series = {essentials},
	title = {Integrierte {Projektabwicklung} ({IPA}): {Schnelleinstieg} für {Bauherren}, {Architekten} und {Ingenieure}},
	copyright = {https://www.springer.com/tdm},
	isbn = {978-3-658-38253-7 978-3-658-38254-4},
	shorttitle = {Integrierte {Projektabwicklung} ({IPA})},
	url = {https://link.springer.com/10.1007/978-3-658-38254-4},
	language = {de},
	urldate = {2025-05-27},
	publisher = {Springer Fachmedien Wiesbaden},
	author = {Becker, Simon Christian and Roman-Müller, Horst},
	year = {2022},
	doi = {10.1007/978-3-658-38254-4},
}

@article{becker_adaptionen_nodate,
	title = {Adaptionen der {Integrierten} {Projektabwicklung} ({IPA}) f¸r kleine und mittlere {Projekte}},
	language = {de},
	author = {Becker, Simon Christian and Friedinger, Carl Philipp},
}

@book{zilch_bauwirtschaft_2013,
	address = {Berlin, Heidelberg},
	title = {Bauwirtschaft und {Baubetrieb}},
	copyright = {https://www.springernature.com/gp/researchers/text-and-data-mining},
	isbn = {978-3-642-41869-3 978-3-642-41870-9},
	url = {https://link.springer.com/10.1007/978-3-642-41870-9},
	language = {de},
	urldate = {2025-05-27},
	publisher = {Springer Berlin Heidelberg},
	editor = {Zilch, Konrad and Diederichs, Claus Jürgen and Katzenbach, Rolf and Beckmann, Klaus J.},
	year = {2013},
	doi = {10.1007/978-3-642-41870-9},
}

@book{girmscheid_bauunternehmensmanagement-prozessorientiert_2014,
	address = {Berlin, Heidelberg},
	title = {Bauunternehmensmanagement-prozessorientiert {Band} 2: {Operative} {Leistungserstellungs}- und {Supportprozesse}},
	copyright = {https://www.springernature.com/gp/researchers/text-and-data-mining},
	isbn = {978-3-642-55113-0 978-3-642-55114-7},
	shorttitle = {Bauunternehmensmanagement-prozessorientiert {Band} 2},
	url = {https://link.springer.com/10.1007/978-3-642-55114-7},
	language = {de},
	urldate = {2025-05-27},
	publisher = {Springer Berlin Heidelberg},
	author = {Girmscheid, Gerhard},
	year = {2014},
	doi = {10.1007/978-3-642-55114-7},
}

@book{girmscheid_bauunternehmensmanagement-prozessorientiert_2014-1,
	address = {Berlin, Heidelberg},
	title = {Bauunternehmensmanagement-prozessorientiert {Band} 1: {Strategische} {Managementprozesse}},
	copyright = {https://www.springernature.com/gp/researchers/text-and-data-mining},
	isbn = {978-3-642-55151-2 978-3-642-55152-9},
	shorttitle = {Bauunternehmensmanagement-prozessorientiert {Band} 1},
	url = {https://link.springer.com/10.1007/978-3-642-55152-9},
	language = {de},
	urldate = {2025-05-27},
	publisher = {Springer Berlin Heidelberg},
	author = {Girmscheid, Gerhard},
	year = {2014},
	doi = {10.1007/978-3-642-55152-9},
}

@book{gmbh_bauprojekte_2013,
	address = {Wiesbaden},
	edition = {2nd ed},
	title = {Bauprojekte {Erfolgreich} {Steuern} und {Managen}: {Bauprojekt}-{Management} in {Bauausführenden} {Unternehmen}},
	isbn = {978-3-658-00236-7 978-3-658-00237-4},
	shorttitle = {Bauprojekte {Erfolgreich} {Steuern} und {Managen}},
	language = {de},
	publisher = {Springer Fachmedien Wiesbaden GmbH},
	author = {GmbH, BRZ Deutschland},
	collaborator = {Oepen, Ralf-Peter},
	year = {2013},
}

@book{siemon_baukostenplanung_2016,
	address = {Wiesbaden},
	title = {Baukostenplanung und -steuerung},
	copyright = {http://www.springer.com/tdm},
	isbn = {978-3-658-03056-8 978-3-658-03057-5},
	url = {http://link.springer.com/10.1007/978-3-658-03057-5},
	language = {de},
	urldate = {2025-05-27},
	publisher = {Springer Fachmedien Wiesbaden},
	author = {Siemon, Klaus D.},
	year = {2016},
	doi = {10.1007/978-3-658-03057-5},
}

@book{bauer_baubetrieb_2017,
	address = {Berlin, Heidelberg},
	edition = {3. Aufl. 2007},
	series = {{VDI}-{Buch}},
	title = {Baubetrieb},
	isbn = {978-3-540-32113-2 978-3-642-32533-5},
	language = {de},
	publisher = {Springer Berlin Heidelberg},
	author = {Bauer, Hermann},
	year = {2017},
	doi = {10.1007/978-3-642-32533-5},
}

@book{ausschuss_der_verbande_und_kammern_der_ingenieure_und_architekten_fur_die_honorarordnung_projektmanagement_2020,
	address = {Köln},
	edition = {5., vollständig überarbeitete und erweiterte Auflage, Stand: März 2020},
	series = {{AHO}-{Schriftenreihe}},
	title = {Projektmanagement in der {Bau}- und {Immobilienwirtschaft} - {Standards} für {Leistungen} und {Vergütung}: {Leistungsbild} und {Honorierung}},
	isbn = {978-3-8462-1120-5},
	shorttitle = {Projektmanagement in der {Bau}- und {Immobilienwirtschaft} - {Standards} für {Leistungen} und {Vergütung}},
	language = {de},
	number = {Nr. 9},
	publisher = {Reguvis, Kooperationspartner des Bundesanzeiger Verlages},
	editor = {{Ausschuss der Verbände und Kammern der Ingenieure und Architekten für die Honorarordnung}},
	year = {2020},
}

@book{schlabach_untersuchungen_2013,
	address = {Kassel},
	series = {Schriftenreihe {Bauwirtschaft}},
	title = {Untersuchungen zum {Transfer} der australischen {Projektabwicklungsform} {Project} {Alliancing} auf den deutschen {Hochbaumarkt}},
	isbn = {978-3-86219-490-2},
	language = {de},
	number = {25},
	publisher = {Kassel University Press},
	author = {Schlabach, Carina},
	year = {2013},
}

@inproceedings{nguyen_development_2024,
	address = {Portland, Oregon},
	title = {Development of an {Educational} {Case} {Study} to {Explore} {Target} {Value} {Design}},
	url = {http://peer.asee.org/47178},
	doi = {10.18260/1-2--47178},
	abstract = {Case studies have been developed and used in teaching and training for more than 100 years. They have widely been used in business and law schools. The use of case studies has become popular in engineering and construction education with evidence of tens of papers reporting the efficacy of the case study method published in the proceedings of the American Society of Engineering Education (ASEE) annual conferences. The Associated General Contractors (AGC) Education and Research Foundation (AGCERF) started the development of construction case studies for educational purposes in 2011 and has published 16 of them, including various construction topics from ethics to mobile technology. A multitude of “how to write a teaching case study” guidelines are available, including in construction education. However, literature that provides insights into developing a specific case study in construction engineering and management is scarce. To fill this knowledge gap, this paper presents the dynamics of developing an educational case study to explore the implementation of target value design (TVD). This case study was developed for engineering and construction management students to formulate, discuss, and decide on strategies, actions, and solutions to provide the best value to the project owner when implementing TVD. This work-in-progress paper focuses on the pilot test when developing the case study. Pre-class engagement, in-class collaborative learning strategies and post-class comprehensive student feedback in addition to instructor’s observation and reflection were employed in the pilot test – an important step in developing an effective educational case study.},
	language = {en},
	urldate = {2025-05-27},
	booktitle = {2024 {ASEE} {Annual} {Conference} \& {Exposition} {Proceedings}},
	publisher = {ASEE Conferences},
	author = {Nguyen, Long and Rybkowski, Zofia and Chau, Anh and Linares, Daniel},
	month = jun,
	year = {2024},
	pages = {47178},
}
